
% https://www.nasa.gov/mission_pages/station/behindscenes/126_payload.html
@article{iss_background,
  author          = {Cheryl L. Mansfield},
  title           = {Behind The Scences},
  journal         = {International Space Station},
  year            = {2008}
}

% https://history.nasa.gov/SP-368/s6ch2.htm
@inbook{apollo_bathroom,
  author         = {Richard L. Sauer},
  title          = {SP-368 Biomedical Results of Apollo},
  chapter        = {2},
  pages          = {469-484},
  publisher      = {Lyndon B. Johnson Space Center},
  year           = {1975}
}
